% Encoding: UTF-8

% https://mirror2.sandyriver.net/pub/ctan/info/biblatex-cheatsheet/biblatex-cheatsheet.pdf

@book{book:AlgosInInvTheory,
  title={Algorithms in Invariant Theory},
  author={Bernd Strumfels},
  ISBN = {9783211774175},
  ISSN = {0943-853X},
  url = {http://dx.doi.org/10.1007/978-3-211-77417-5},
  DOI = {10.1007/978-3-211-77417-5},
  journal = {Texts and Monographs in Symbolic Computation},
  publisher = {Springer Vienna},
  year = {2008}
}

@book{book:MacdonaldSymmetricHall,
  title={Symmetric functions and Hall polynomials},
  author={Macdonald, Ian Grant},
  year={1998},
  publisher={Oxford university press}
}
}
