% Encoding: UTF-8

% https://mirror2.sandyriver.net/pub/ctan/info/biblatex-cheatsheet/biblatex-cheatsheet.pdf

@book{book:YT,
  title = {Young Tableaux: With Applications to Representation Theory and Geometry},
  ISBN = {0521567246},
  DOI = {10.1017/cbo9780511626241},
  publisher = {Cambridge University Press},
  journal = {London Mathematical Society student texts},
  author = {Fulton,  William},
  year = {1997},
}

@book{book:Manivel,
  title={Symmetric Functions, Schubert Polynomials and Degeneracy Loci},
  author={Manivel, L.},
  isbn={9780821821541},
  lccn={2001041290},
  series={Collection SMF},
  url={https://books.google.com/books?id=yz7gyKYgIuwC},
  year={2001},
  publisher={American Mathematical Society}
}

@book{book:AlgosInInvTheory,
  title={Algorithms in Invariant Theory},
  author={Bernd Strumfels},
  ISBN = {9783211774175},
  ISSN = {0943-853X},
  DOI = {10.1007/978-3-211-77417-5},
  journal = {Texts and Monographs in Symbolic Computation},
  publisher = {Springer Vienna},
  year = {2008}
}

@book{book:UAG,
  title={Using Algebraic Geometry},
  author={Cox, D.A. and Little, J. and O'Shea, D.},
  ISBN = {0387207066},
  DOI = {10.1007/b138611},
  journal = {Graduate Texts in Mathematics},
  publisher = {Springer-Verlag},
  year = {2005}
}

@book{book:MacdonaldSymmetricHall,
  title={Symmetric functions and Hall polynomials},
  author={Macdonald, Ian Grant},
  year={1998},
  publisher={Oxford university press}
}

@BOOK{book:IVA,
  title={Ideals, Varieties, and Algorithms: An Introduction to Computational Algebraic Geometry and Commutative Algebra},
  author={Cox, D.A. and Little, J. and O'Shea, D.},
  isbn={9783319167213},
  lccn={2006930875},
  series={Undergraduate Texts in Mathematics},
  url={https://books.google.com/books?id=yL7yCAAAQBAJ},
  year={2015},
  publisher={Springer International Publishing}
}

@BOOK{book:Curves,
  title={Algebraic Curves: An Introduction to Algebraic Geometry},
  author={Fulton, W.},
  year={2008},
  edition={3}
}

@book{book:ECII,
  title={Enumerative Combinatorics: Volume 2},
  author={Stanley, R.P.},
  ISBN={9781009262484},
  DOI = {10.1017/9781009262538},
  lccn={96044267},
  series={Cambridge Studies in Advanced Mathematics},
  year={2024},
  publisher={Cambridge University Press}
}

@misc{SE:dominance_conjugation,
  title = {Proof of the duality of the dominance order on partitions},
  author = {Hjalmar Rosengren},
  howpublished = {Mathematics Stack Exchange},
  url = {https://math.stackexchange.com/a/3429855}
}
