% Encoding: UTF-8

% https://mirror2.sandyriver.net/pub/ctan/info/biblatex-cheatsheet/biblatex-cheatsheet.pdf

@book{book:AIT,
  title={Algorithms in Invariant Theory},
  author={Bernd Strumfels},
  ISBN = {9783211774175},
  ISSN = {0943-853X},
  url = {http://dx.doi.org/10.1007/978-3-211-77417-5},
  DOI = {10.1007/978-3-211-77417-5},
  journal = {Texts and Monographs in Symbolic Computation},
  publisher = {Springer Vienna},
  year = {2008}
}

@book{book:MacdonaldSymmetricHall,
  title={Symmetric functions and Hall polynomials},
  author={Macdonald, Ian Grant},
  year={1998},
  publisher={Oxford university press}
}

@BOOK{book:IVA,
  title={Ideals, Varieties, and Algorithms: An Introduction to Computational Algebraic Geometry and Commutative Algebra},
  author={Cox, D.A. and Little, J. and O'Shea, D.},
  isbn={9783319167213},
  lccn={2006930875},
  series={Undergraduate Texts in Mathematics},
  url={https://books.google.com/books?id=yL7yCAAAQBAJ},
  year={2015},
  publisher={Springer International Publishing}
}

@book{book:UsingAG,
  title={Using Algebraic Geometry},
  author={Cox, D.A. and Little, J. and O'Shea, D.},
  ISBN = {0387207066},
  url = {http://dx.doi.org/10.1007/b138611},
  DOI = {10.1007/b138611},
  journal = {Graduate Texts in Mathematics},
  publisher = {Springer-Verlag},
  year = {2005}
}

@inproceedings{Robbiano_term_orders,
  author = {Robbiano, Lorenzo},
  year = {1985},
  month = {04},
  pages = {513-517},
  title = {Term Orderings on the Polynominal Ring.},
  volume = {204},
  isbn = {978-3-540-15984-1},
  doi = {10.1007/3-540-15984-3_321}
}

@book{book:Singular_Introduction,
  author = {G. Greuel and G. Pfister},
  title = {A Singular introduction to commutative algebra. With contributions by Olaf Bachmann, Christoph Lossen and Hans Sch"onemann. 2nd extended ed.},
  url = {http://link.springer.com/book/10.1007%2F978-3-540-73542-7},
  language = {English},
  pages = {xx   689},
  publisher = {Berlin: Springer},
  year = {2007},
  edition = {2},
  refereed = {0}
}
