% Encoding: UTF-8

% https://mirror2.sandyriver.net/pub/ctan/info/biblatex-cheatsheet/biblatex-cheatsheet.pdf

@book{book:AlgosInInvTheory,
  title={Algorithms in Invariant Theory},
  author={Bernd Strumfels},
  ISBN = {9783211774175},
  ISSN = {0943-853X},
  DOI = {10.1007/978-3-211-77417-5},
  journal = {Texts and Monographs in Symbolic Computation},
  publisher = {Springer Vienna},
  year = {2008}
}

@book{book:UAG,
  title={Using Algebraic Geometry},
  author={Cox, D.A. and Little, J. and O'Shea, D.},
  ISBN = {0387207066},
  DOI = {10.1007/b138611},
  journal = {Graduate Texts in Mathematics},
  publisher = {Springer-Verlag},
  year = {2005}
}

@book{book:MacdonaldSymmetricHall,
  title={Symmetric functions and Hall polynomials},
  author={Macdonald, Ian Grant},
  year={1998},
  publisher={Oxford university press}
}

@book{book:IVA,
  title={Ideals, Varieties, and Algorithms},
  subtitle={An Introduction to Computational Algebraic Geometry and Commutative Algebra},
  author={Cox, D.A. and Little, J. and O'Shea, D.},
  isbn={9783319167213},
  lccn={2006930875},
  series={Undergraduate Texts in Mathematics},
  year={2015},
  publisher={Springer International Publishing}
}

@article{Mora1989,
  author = {Mora, Teo and Pfister, Gerhard and Traverso, Carlo},
  journal = {Publications mathématiques et informatique de Rennes},
  language = {eng},
  number = {4},
  pages = {133-171},
  publisher = {Département de Mathématiques et Informatique, Université de Rennes},
  title = {An Introduction to the Tangent Cone Algorithm},
  url = {http://eudml.org/doc/273938},
  year = {1989},
}
