% Encoding: UTF-8

@BOOK{IVA,
  title={Ideals, Varieties, and Algorithms: An Introduction to Computational Algebraic Geometry and Commutative Algebra},
  author={Cox, D.A. and Little, J. and O'Shea, D.},
  isbn={9783319167213},
  lccn={2006930875},
  series={Undergraduate Texts in Mathematics},
  url={https://books.google.com/books?id=yL7yCAAAQBAJ},
  year={2015},
  publisher={Springer International Publishing}
}
