% Encoding: UTF-8

% https://mirror2.sandyriver.net/pub/ctan/info/biblatex-cheatsheet/biblatex-cheatsheet.pdf

@book{book:Bredon,
  author="Bredon, Glen E.",
  title="Topology and Geometry",
  year="1993",
  publisher="Springer New York",
  address="New York, NY",
  isbn="978-1-4757-6848-0",
  doi="10.1007/978-1-4757-6848-0_1",
  url="https://doi.org/10.1007/978-1-4757-6848-0_1"
}
