% Encoding: UTF-8

% https://mirror2.sandyriver.net/pub/ctan/info/biblatex-cheatsheet/biblatex-cheatsheet.pdf

@book{book:SerreLinReps,
  title = {Linear Representations of Finite Groups},
  ISBN = {9781468494587},
  ISSN = {2197-5612},
  DOI = {10.1007/978-1-4684-9458-7},
  journal = {Graduate Texts in Mathematics},
  publisher = {Springer New York},
  author = {Serre,  Jean-Pierre},
  year = {1977}
}

@book{book:FultonTableaux,
  place={Cambridge},
  series={London Mathematical Society Student Texts},
  title={Young Tableaux: With Applications to Representation Theory and Geometry},
  DOI={10.1017/CBO9780511626241},
  publisher={Cambridge University Press},
  author={Fulton, William},
  year={1996},
  collection={London Mathematical Society Student Texts}
}

@misc{misc:PanovaComputational,
      title={Computational Complexity in Algebraic Combinatorics},
      author={Greta Panova},
      year={2023},
      eprint={2306.17511},
      archivePrefix={arXiv},
      primaryClass={math.CO}
}
